@online{cloudflare_vector_db,
  author       = {Cloudflare},
  title        = {What is a vector database?},
  year         = {n.d.},
  url          = {https://www.cloudflare.com/learning/ai/what-is-vector-database/},
  urldate      = {2024-03-04},
  organization = {Cloudflare},
  note         = {Accessed on March 4, 2024}
}